2515 3226
1175 132 1206 184 7

80 284 274 336 fraudis
302 283 553 333 indicium
578 281 751 352 putari
795 280 963 337 debet,
999 277 1140 346 quod
1162 277 1259 326 hoc
1289 294 1394 326 uno
1425 277 1534 326 loco
1566 288 1809 343 quatuor,
1847 295 1952 326 non
1992 277 2112 336 tria,
2159 290 2219 327 ut
2251 279 2306 327 in

80 368 315 436 reliquis,
352 367 646 413 fabularum
670 363 881 411 nomina
908 371 1384 410 commemorantur.
1420 361 1495 406 Ex
1517 358 1692 406 eodem
1706 376 1884 424 genere
1901 359 2144 407 vitiorum
2175 359 2308 407 illud

80 459 173 505 est,
221 445 361 512 quod
385 446 648 511 aliquanto
674 455 786 510 post
810 443 961 508 vulgo
986 441 1054 489 ita
1089 439 1300 506 legitur:
1349 446 1549 495 eventu,
1608 438 2017 495 Commorientes,
2055 438 2305 498 Adelphi,

79 527 685 579 Heautontimorumenos,
757 526 820 570 In
854 523 998 571 libris
1024 521 1296 576 veteribus,
1332 537 1458 585 quos
1483 518 1611 566 mihi
1636 518 1848 585 quidem
1871 537 2116 586 usurpare
2142 519 2303 575 licuit,

77 627 172 678 pro
203 605 420 666 Adelphi
437 616 725 653 constanter
750 604 945 649 Crimen
972 601 1157 658 inveni,
1194 617 1406 666 eamque
1428 601 1735 668 scripturam
1751 618 1921 649 veram
1949 618 2047 650 esse
2070 601 2304 648 arbitror.

77 688 298 757 Respicit
320 698 513 744 autem,
551 686 605 732 ni
628 685 801 743 fallor,
838 683 1037 731 Afranii
1061 682 1159 730 hoc
1190 683 1397 731 nomine
1445 695 1687 749 togatam,
1724 683 1868 731 cuius
1893 683 2189 730 memoriam
2215 699 2313 729 ser-

78 770 214 819 vavit
252 767 459 817 Nonius.
527 767 698 814 Altera
733 765 996 832 inscriptio
1038 764 1294 832 supposita
1331 775 1403 812 est
1440 765 1496 812 in
1523 765 1693 812 locum
1729 763 2002 829 genuinae,
2037 762 2231 829 quippe
2256 761 2312 810 in

78 851 257 916 vulgus
288 849 500 914 ignotae.
582 846 677 895 Sed
707 847 845 894 locus
884 844 1038 892 etiam
1081 845 1204 903 alio,
1241 864 1539 911 quanquam
1581 844 1756 892 leviori
1789 856 1838 891 et
1870 844 1971 891 sola
2015 843 2307 890 coniectura

79 931 228 980 facile
255 928 544 986 eximendo,
580 927 703 976 vitio
756 928 966 974 laborat.
1045 925 1278 992 Suspicor
1310 925 1449 973 enim
1501 937 1614 992 post
1648 941 1820 972 vocem
1869 931 2041 968 eventu
2080 922 2312 972 excidisse

78 1023 208 1080 part.
241 1019 293 1056 ut
329 1010 504 1058 eadem
525 1008 585 1055 de
609 1026 768 1066 causa,
805 1025 960 1073 quam
984 1005 1134 1054 modo
1157 1006 1448 1073 significavi.
1517 1007 1753 1053 Ceterum
1781 1004 2089 1072 praeteriens
2118 1021 2312 1061 moneo,

82 1088 470 1140 Brundusinam
494 1106 650 1154 quam.
681 1099 837 1144 vocat,
873 1104 970 1135 esse
995 1086 1219 1135 eiusdem
1246 1087 1474 1144 Afranii,
1512 1099 1572 1135 ut
1598 1104 1658 1134 ex
1681 1088 1824 1134 Festo
1847 1105 1891 1133 v.
1919 1087 2137 1144 Sagaces
2161 1096 2316 1152 patet.

77 1170 374 1220 Eandemne
414 1169 587 1217 dicant
621 1167 875 1216 Charisius
905 1171 942 1215 Ι.
983 1186 1030 1235 p.
1076 1172 1152 1217 80.
1206 1181 1257 1217 et
1300 1168 1585 1217 Priscianus
1621 1169 1682 1216 X·
1715 1186 1764 1235 p.
1805 1172 1913 1232 879-
1951 1166 2173 1215 viderint
2206 1166 2313 1215 alii.

79 1251 330 1301 Leucadia
364 1263 535 1299 autem
568 1248 793 1316 Turpilii
818 1248 1007 1296 Comici
1036 1249 1209 1298 fabula
1241 1263 1339 1310 est,
1375 1270 1403 1299 a
1436 1250 1601 1299 Nonio
1637 1251 1832 1317 saepius
1870 1248 2090 1297 laudata.
2156 1249 2311 1296 Plura

80 1333 236 1382 habet
258 1333 490 1381 Davisius
514 1330 579 1379 ad
603 1331 699 1379 Cic.
735 1332 879 1379 Tusc.
910 1331 1051 1398 Disp.
1076 1334 1161 1379 IV.
1182 1338 1258 1395 34.
1295 1334 1387 1401 qui
1430 1334 1569 1382 locus
1608 1331 1779 1381 fraudi
1818 1332 1921 1381 fuit
1960 1329 2312 1398 lexicographo

81 1414 288 1473 eximio,
323 1416 439 1481 Aeg.
479 1412 767 1461 Forcellino
796 1430 829 1460 s.
863 1431 908 1460 v.
944 1412 1245 1458 Leucadius.

217 1565 595 1612 Comoediarum
630 1566 837 1626 formae
880 1575 994 1612 sunt
1040 1575 1166 1625 tres,
1226 1567 1504 1627 Palliatae,
1560 1583 1799 1629 graecum
1834 1566 2055 1613 habitum
2088 1566 2313 1627 referen-

79 1655 179 1703 tes,
218 1661 342 1706 quas
375 1645 598 1689 nonnulli
632 1644 952 1690 tabernarias
992 1656 1201 1705 vocant,
1265 1649 1512 1709 Togatae,
1560 1651 1700 1695 iuxta
1722 1652 1949 1711 sormam
1979 1664 2313 1711 personarum

79 1725 304 1772 habitum
337 1733 567 1784 togarum
602 1725 951 1770 desiderantes.
1018 1729 1093 1774 Ex
1127 1729 1272 1778 libris
1318 1732 1570 1780 veteribus
1617 1732 1790 1799 scripsi
1838 1734 2136 1792 reserentes,
2192 1750 2310 1780 cum

73 1808 223 1872 vulgo
258 1817 379 1854 esset
413 1806 650 1865 ferentes.
719 1807 994 1855 Reuvensio
1031 1810 1230 1856 Collect.
1274 1808 1389 1857 Litt.
1427 1829 1473 1877 p.
1497 1817 1572 1875 47.
1608 1813 1760 1860 verba
1799 1829 1920 1872 quas
1955 1813 2178 1859 nonnulli
2210 1811 2307 1857 tab.

75 1893 285 1944 vocant,
321 1903 440 1932 cum
473 1885 703 1952 palliatas
738 1903 885 1934 nemo
920 1906 1152 1953 unquam
1185 1889 1503 1937 tabernarias
1538 1893 1746 1952 dixerit,
1801 1894 1966 1942 sedem
1987 1907 2200 1942 mutasse
2227 1911 2307 1941 su-

75 1968 315 2036 spicanti,
350 1968 606 2035 probabili
642 1968 932 2016 coniectura
967 1970 1293 2019 scribendum
1325 1972 1549 2021 videtur:
1614 1975 1868 2035 Togatae,
1918 1977 2057 2021 iuxta
2078 1977 2306 2034 sormam

66 2065 400 2111 personarum
446 2047 671 2093 habitum
705 2056 935 2107 togarum
969 2050 1329 2110 desiderantes,
1369 2069 1492 2112 quas
1512 2056 1734 2100 nonnulli
1763 2056 2079 2102 tabernarias
2113 2063 2304 2103 vocant.

73 2133 271 2180 Verum
304 2131 428 2179 haec
463 2130 633 2179 omnia
669 2148 787 2178 cum
821 2130 1043 2178 eiusdem
1077 2149 1174 2180 esse
1209 2152 1314 2181 non
1349 2134 1556 2201 possint,
1608 2137 1699 2201 qui
1743 2139 1917 2204 paullo
1952 2151 2068 2186 ante
2114 2140 2298 2198 multa,

74 2231 181 2261 non
226 2213 323 2261 tria
359 2224 560 2268 tantum
606 2211 983 2260 comoediarum
1019 2230 1199 2278 genera
1233 2230 1329 2261 esse
1379 2213 1540 2263 dixit:
1599 2216 1705 2263 noli
1761 2216 2019 2277 dubitare,
2070 2219 2199 2285 quin
2233 2220 2303 2266 al-

75 2304 272 2341 terutro
310 2293 419 2340 loco
455 2292 649 2339 alienae
684 2309 864 2339 manus
898 2292 1082 2340 lacinia
1116 2293 1190 2340 sit.
1261 2295 1406 2342 Ultra
1448 2295 1713 2362 progredi,
1758 2311 1818 2346 ut
1860 2317 2000 2347 nunc
2045 2311 2164 2347 sunt
2208 2299 2298 2348 ista

73 2373 378 2441 fragmenta,
413 2372 713 2420 hariolantis
747 2384 830 2420 est.

202 2523 264 2567 In
281 2538 432 2567 scena
457 2522 586 2566 duae
614 2537 736 2567 arae
751 2522 878 2582 poni
897 2522 1136 2582 solebant,
1175 2525 1351 2569 dextra
1366 2524 1560 2584 Liberi,
1584 2528 1790 2574 sinistra
1816 2530 1920 2574 eius
1943 2531 2040 2588 dei,
2079 2531 2160 2576 eui
2193 2531 2297 2576 ludi

27 2601 285 2662 ·fiebant:
321 2602 450 2647 unde
494 2601 754 2647 Terentius
800 2603 852 2647 in
897 2602 1102 2648 Andria
1146 2605 1254 2649 ait:
1299 2604 1388 2649 Ex
1433 2623 1549 2651 ara
1594 2608 1711 2653 liae
1753 2626 1919 2655 sume
1967 2611 2295 2659 verbenas,

72 2685 212 2730 Hine
257 2684 475 2742 Ulyssem
504 2685 771 2745 palliatum
804 2701 996 2745 semper
1031 2687 1297 2731 inducunt:
1338 2688 1440 2733 sive
1476 2691 1607 2748 quod
1639 2692 1907 2750 aliquando
1946 2694 2197 2739 insaniam
2229 2695 2295 2740 si-

70 2763 296 2820 mulavit,
359 2779 449 2822 quo
484 2771 702 2823 tempore
744 2772 921 2809 tectum
953 2780 1004 2808 se
1039 2781 1141 2809 esse
1185 2768 1371 2826 voluit,
1421 2785 1482 2813 ne
1528 2772 1728 2829 agnitus
1775 2783 2030 2832 cogeretur
2072 2777 2122 2820 in
2171 2775 2295 2821 bella

66 2845 304 2905 prodire:
337 2860 422 2889 seu
457 2844 516 2889 ob
550 2846 855 2905 singularem
892 2847 1221 2906 sapientiam,
1259 2864 1357 2907 qua
1391 2857 1544 2893 tectus
1578 2853 1885 2913 munitusque
1912 2857 2183 2915 plurimum
2217 2874 2292 2902 so-

72 2924 164 2968 ciis
192 2924 401 2985 profuit.
470 2925 638 2970 Huius
683 2925 812 2970 enim
845 2926 1042 2972 virtutis
1088 2935 1196 2973 erat
1251 2930 1408 2975 animi
1452 2947 1644 2993 semper
1694 2935 1981 2996 decipientis
2026 2939 2288 3001 ingenium.
