2515 3226
1195 90 1232 142 4

236 245 312 301 Qu
322 240 373 288 in
402 239 550 287 etiam
571 240 703 287 solus
731 234 884 285 ausus
907 244 977 284 est
1018 236 1276 283 Terentius
1291 271 1304 296 ,
1345 252 1454 282 cum
1484 237 1536 283 in
1543 237 1688 297 fictis
1709 236 2016 298 argumentis
2019 238 2178 299 fidem
2200 241 2326 287 veri-

95 325 215 371 tatis
241 331 609 384 assequeretur,
648 322 798 365 etiam
834 328 1009 365 contra
1049 320 1373 380 praescripta
1407 319 1599 364 comica
1636 321 1918 364 meretrices
1947 321 2191 366 interdum
2227 338 2326 369 non

96 406 257 451 malas
288 404 628 461 introducere,
666 401 839 462 quibus
874 410 1064 460 tamen,
1116 417 1206 446 cur
1243 401 1400 447 bonae
1427 403 1555 460 sint,
1610 410 1655 445 et
1701 402 1929 462 voluptas
1954 419 2052 463 per
2083 404 2245 464 ipsum
2280 413 2326 450 et

93 504 248 533 causa
278 503 378 532 non
402 486 538 532 desit.
609 486 863 538 Postrema
888 483 1012 531 haec
1044 485 1195 532 verba
1232 496 1281 532 et
1314 501 1482 531 sensus
1526 494 1576 531 et
1618 483 2007 531 constructionis
2051 483 2324 534 difficulta-

91 582 192 617 tem
222 569 423 616 habent.
465 551 712 632 ..Utrique
741 565 1061 614 incommodo
1091 584 1180 632 ego
1206 565 1334 614 mihi
1369 566 1540 613 videor
1571 565 1761 613 mederi
1780 583 1939 633 posse,
1976 565 2045 613 sic
2072 566 2323 617 lenissime

91 648 417 715 corrigendo:
464 647 637 707 quibus
669 655 863 705 tamen,
923 663 1032 691 cum
1075 647 1232 693 bonae
1263 648 1390 707 sint,
1417 655 1463 693 et
1489 648 1717 708 voluptas
1746 663 1839 709 per
1881 649 2042 708 ipsunt
2082 657 2127 694 et
2164 665 2322 695 causa

88 746 186 775 non
223 730 349 791 defit.
411 731 502 777 Res
527 741 699 797 aperta
734 741 825 787 est,
862 740 921 778 ut
949 729 1144 797 opinor.

215 880 350 925 Illud
376 895 492 926 vero
521 880 781 925 tenendum
803 889 901 940 est,
940 889 1056 940 post
1075 880 1189 926 νέαν
1215 876 1463 941 κωμῳδίαν
1500 879 1716 924 Latinos
1739 881 1894 926 multa
1916 880 2215 941 fabularum
2235 897 2320 942 ge-

85 976 207 1006 nera
229 960 522 1020 protulisse,
566 969 619 1004 ut
644 969 869 1020 togatas,
919 978 952 1006 a
976 962 1186 1007 scenicis
1215 970 1361 1022 atque
1383 963 1689 1021 argumentis
1716 961 1916 1019 latinis,
1953 970 2316 1022 praetextatas,

84 1043 148 1088 ab
184 1044 425 1102 dignitate
441 1058 775 1103 personarum
804 1052 849 1088 et
874 1046 1034 1089 latina
1063 1045 1305 1102 historia,
1348 1043 1633 1100 Atellanas,
1693 1059 1726 1087 a
1761 1043 1962 1088 civitate
1991 1043 2315 1104 Campaniae,

83 1125 167 1171 ubi
202 1127 439 1171 actitatae
469 1135 582 1171 sunt
600 1127 871 1187 plurimae,
917 1129 1314 1185 Rliirulzonicas,
1352 1125 1416 1171 ab
1442 1125 1629 1170 actoris
1657 1125 1866 1169 nomine.
1924 1124 2040 1172 Chr.
2077 1127 2318 1174 Reuvens.

84 1207 286 1253 Collect.
323 1205 437 1253 Litt.
475 1224 522 1272 p.
560 1209 637 1272 47.
675 1207 947 1273 legendum
977 1210 1262 1276 suspicatur
1295 1223 1329 1251 a
1359 1207 1569 1251 scenicis
1595 1207 1723 1266 togis
1751 1214 1896 1266 atque
1917 1221 2026 1265 arg.
2053 1206 2135 1253 lat.
2165 1223 2320 1272 quem

86 1304 175 1352 ego
208 1305 313 1334 non
345 1304 536 1353 sequar.
608 1289 737 1336 Nam
761 1306 816 1336 ea
852 1289 1165 1347 mutatione,
1218 1306 1524 1356 magnopere
1562 1305 1765 1347 vereor,
1810 1305 1898 1346 ne,
1947 1305 2077 1353 quae
2116 1305 2234 1336 sana
2269 1301 2319 1337 et

84 1366 276 1432 integra
301 1379 442 1423 sunt,
480 1380 719 1434 corrupta
745 1369 882 1416 fiant.
952 1369 1093 1432 Quid
1112 1371 1310 1417 multa?
1345 1371 1577 1415 Scenicos
1602 1371 1782 1415 latinos
1814 1387 1932 1416 cum
1961 1368 2112 1428 dicit,
2147 1369 2316 1418 histri-

85 1464 222 1505 ones,
276 1449 330 1494 ni
370 1448 547 1506 fallor,
585 1449 850 1508 describit,
888 1452 979 1516 qui
1010 1454 1355 1500 Romanorum
1381 1452 1585 1510 habitu,
1623 1452 1677 1500 id
1702 1465 1794 1510 est,
1832 1453 1998 1518 togati,
2038 1453 2093 1500 in
2118 1471 2318 1502 scenam

82 1528 370 1595 prodibant.
441 1530 595 1592 Quod
618 1550 774 1597 quam
803 1545 935 1580 recte
973 1546 1022 1581 et
1042 1535 1343 1582 Latinorum
1362 1533 1719 1583 consuetudini
1742 1532 1986 1599 loquendi
2018 1535 2317 1584 convenien-

85 1622 159 1657 ter
190 1610 396 1669 dixerit‚
433 1613 627 1673 nesci03
665 1614 760 1661 hoc
794 1615 918 1673 scio,
957 1616 1045 1664 tali
1075 1617 1284 1664 omnino
1312 1615 1515 1663 dicendi
1555 1632 1733 1681 genere
1770 1615 1912 1662 hunc
1942 1615 2177 1664 libellum
2202 1616 2317 1664 scri—

81 1705 231 1760 ptum
249 1710 366 1751 esse,
402 1695 484 1742 vix
502 1708 561 1743 ut
591 1697 759 1744 ullum
788 1698 843 1744 in
870 1715 926 1746 eo
952 1698 1141 1765 priscae
1165 1698 1440 1764 elegantiae
1463 1696 1691 1745 studium
1721 1714 1965 1762 agnoscas.
2034 1698 2211 1745 Paullo
2240 1697 2317 1746 in-
2383 1759 2386 1762 ,

83 1774 239 1823 serius
260 1788 371 1843 post
399 1792 730 1834 personarum
753 1778 873 1826 libri
900 1791 1014 1827 vett.
1054 1797 1225 1827 vocem
1252 1780 1582 1839 tragicarum‚
1617 1778 1766 1843 vulgo
1789 1777 2040 1835 omissam,
2078 1790 2210 1825 recte
2236 1777 2321 1826 acl-

86 1855 231 1903 dunt.
293 1859 348 1904 A.
396 1858 453 1905 G.
503 1859 721 1925 Langius
762 1862 810 1907 V
815 1860 965 1908 indic.
1016 1863 1159 1927 Trag.
1214 1864 1352 1909 Rom.
1401 1879 1448 1928 p.
1497 1859 1571 1907 52.
1644 1858 1798 1921 Quod
1822 1871 1992 1905 autem
2016 1859 2071 1906 in
2099 1871 2320 1907 extremo

83 1937 456 1996 Rhinthonem,
518 1958 671 2005 quem
712 1959 883 1989 omnes
921 1955 1123 2009 poetam
1167 1942 1316 1991 fuisse
1359 1940 1590 1999 tradunt,
1646 1949 1863 1985 actorem
1900 1952 2062 1988 vocat:
2098 1940 2320 2007 vulgaris

85 2018 335 2084 scriptura
362 2022 614 2067 maculam
647 2022 816 2079 traxit,
854 2041 1009 2088 quam
1039 2024 1150 2071 iure
1173 2024 1371 2071 mireris
1398 2040 1461 2070 ne
1489 2023 1782 2090 paullulum
1801 2021 2011 2087 quidem
2040 2021 2317 2069 suboluisse

84 2100 220 2148 Gisb.
269 2103 467 2168 Cupero
502 2104 636 2150 Obss.
674 2108 709 2150 Ι.
746 2123 813 2151 10.
841 2125 886 2172 p.
914 2109 986 2171 73.
1057 2107 1265 2174 Scripsit
1297 2105 1361 2150 ab
1395 2105 1617 2149 auctoris
1647 2104 1871 2160 nomine,
1913 2116 1972 2150 ut
1997 2102 2097 2150 iam
2119 2102 2319 2170 pridem

85 2181 141 2228 in
164 2194 303 2230 tanta
331 2184 599 2231 aberrandi
632 2186 872 2234 facilitate
897 2187 1251 2253 reponendum
1283 2198 1599 2234 monuerunt
1626 2187 1684 2233 G.
1706 2188 1741 2233 Ι.
1768 2184 1969 2235 Vossius
1993 2185 2153 2233 Instit.
2182 2187 2315 2233 Poet.

85 2265 145 2310 II.
202 2283 238 2310 J.
275 2283 322 2331 p.
358 2269 457 2313 103.
488 2278 538 2314 et
556 2270 591 2313 I.
616 2269 843 2335 Toupius
869 2268 1077 2316 Emend.
1109 2269 1244 2319 Suid.
1268 2271 1328 2315 H.
1359 2286 1407 2335 p.
1436 2270 1537 2316 156.
1576 2267 1666 2315 Ox,

220 2412 440 2461 Latinae
473 2417 680 2476 fabulae
713 2421 873 2480 primo
898 2437 930 2464 a
952 2420 1101 2466 Livio
1139 2418 1435 2466 Andronico
1473 2420 1691 2480 scriptae
1720 2427 1841 2479 ¹sunt
1878 2420 1948 2465 ad
1989 2428 2192 2466 cunctas
2216 2433 2314 2474 reS‚

87 2493 236 2538 etiam
268 2503 369 2539 tum
411 2501 655 2544 recentius
687 2501 815 2544 idem
845 2511 997 2562 poeta
1035 2511 1080 2546 et
1116 2511 1257 2547 actor
1278 2503 1576 2561 fabularum
1611 2517 1816 2546 suarum
1834 2501 2026 2560 fuisset.
2094 2501 2172 2548 Sic
2192 2500 2315 2547 libri

86 2588 298 2635 veteres,
345 2596 492 2627 sensu
528 2583 685 2630 nullo.
755 2586 933 2649 Itaque
970 2586 1225 2643 Muretus,
1275 2603 1393 2632 cum
1430 2585 1485 2632 in
1529 2584 1639 2631 aliis
1685 2583 1922 2650 exemplis
1958 2582 2203 2649 scriptum
2241 2597 2317 2628 re-

87 2657 291 2723 perisset
325 2676 435 2703 cum
475 2663 624 2706 etiam
663 2671 766 2707 tum
804 2667 1046 2710 recentius
1089 2675 1133 2710 et
1155 2674 1307 2726 poeta
1343 2674 1428 2714 etc.
1477 2663 1747 2731 legendum
1788 2663 1994 2711 coniicit
2019 2664 2115 2711 hoc
2143 2662 2314 2712 modo:

89 2734 311 2782 Latinae
325 2739 540 2798 fabulae
557 2743 722 2801 primo
754 2760 788 2788 a
819 2743 970 2790 Livio
1009 2745 1303 2791 Andronico
1326 2748 1545 2807 scriptae
1575 2756 1712 2803 sunt,
1764 2744 1873 2789 cum
1914 2746 2062 2790 etiam
2110 2753 2211 2790 tum
2247 2745 2318 2791 ad

90 2826 267 2862 cuncta
305 2821 610 2881 recentibus,
656 2825 784 2869 idem
811 2838 855 2872 et
870 2835 1022 2888 poeta
1052 2835 1096 2871 et
1127 2837 1269 2872 actor
1293 2827 1589 2888 fabularum
1629 2841 1837 2870 suarum
1868 2825 2072 2884 fuisset,
2121 2837 2182 2873 ut
2216 2825 2313 2875 hoc

89 2894 426 2961 significetur,
475 2900 588 2952 ideo
624 2904 844 2955 eundem
887 2918 937 2955 et
969 2920 1171 2974 poetam
1211 2920 1261 2956 et
1301 2920 1521 2956 actorem
1545 2907 1718 2966 fuisse,
1755 2905 1895 2973 quod
1918 2906 2132 2957 Romani
2162 2905 2315 2955 etiam
