2515 3226
122 550 283 632 Illud
306 598 492 644 qaoque
520 579 747 627 mirabile
769 580 820 626 in
849 595 904 625 eo
922 618 932 638 ‚
965 580 1150 641 primo,
1186 582 1318 641 qaod
1343 597 1443 628 non
1467 581 1538 627 ita
1561 581 1732 625 miscet
1749 596 1995 641 personas
2016 592 2252 644 quatuor,
2290 592 2342 630 ut

51 693 55 697 -
122 665 333 711 obscura
376 666 441 709 sit
479 680 651 710 earum
684 659 967 722 distinctio,
1014 671 1060 708 et
1094 663 1239 719 item,
1275 664 1405 723 qaod
1431 662 1559 708 nihil
1585 663 1654 707 ad
1689 664 1931 723 populum
1957 665 2095 724 facit
2125 673 2342 712 actorem

120 748 251 795 velat
289 761 347 791 ex
388 746 651 805 tragoedia
706 746 862 805 loqui,
929 745 1060 804 quod
1090 745 1263 789 vitiam
1300 745 1466 789 Plauti
1487 745 1945 805 frequentissimum
1982 755 2063 791 est.
2097 745 2146 808 ἕξ>
2215 748 2342 810 Quis

120 840 215 886 est,
253 827 343 894 qui
380 826 608 874 divinare
631 826 809 895 possit,
845 843 999 892 quem
1032 824 1167 873 dicat
1199 844 1391 874 morem
1416 827 1775 875 comoedorum
1811 829 1940 873 velat
1979 845 2038 873 ex
2078 831 2342 890 tragoedia

120 906 395 974 loquendi?
462 908 534 954 Ne
582 919 629 953 te
671 923 860 963 morer,
917 907 1056 954 locus
1099 920 1370 974 corruptus
1407 920 1500 965 est,
1548 925 1703 973 quem
1744 925 1857 974 ego,
1896 909 2245 969 certissimam,
2282 923 2342 959 ut

119 989 325 1057 opinor,
363 988 708 1036 coniecturam
728 1000 949 1046 secutus,
985 988 1054 1035 sic
1079 987 1299 1034 restitui:
1336 989 1464 1033 velat
1499 997 1640 1034 extra
1678 991 1998 1038 comoediam.
2082 991 2341 1039 Nimirum

116 1072 264 1130 solet,
301 1082 361 1118 ut
400 1081 616 1128 constat,
659 1070 889 1126 Plautus,
926 1086 1080 1134 quem
1119 1069 1209 1116 iste
1245 1068 1726 1135 reprehendendum
1772 1069 1870 1118 hoc
1910 1071 2117 1119 nomine
2155 1084 2332 1139 putat,

115 1164 305 1200 actores
347 1168 726 1216 nonnunquam
769 1167 825 1197 ea
871 1149 936 1196 ad
983 1150 1237 1216 populum
1284 1149 1547 1215 loquentes
1605 1151 1792 1211 facere,
1838 1170 1968 1218 quae
2019 1152 2152 1199 nihil
2189 1154 2340 1219 plane

116 1228 182 1277 ad
216 1229 293 1287 id,
330 1228 470 1294 quod
504 1229 697 1295 agitur,
746 1228 1026 1296 pertinere,
1062 1228 1169 1288 sed,
1207 1242 1268 1278 ut
1302 1232 1387 1279 ille
1412 1232 1503 1289 ait,
1542 1233 1681 1281 velut
1705 1246 1843 1281 extra
1868 1234 2177 1282 comoediam
2202 1235 2336 1283 dicta

115 1327 214 1359 esse
237 1309 520 1359 videantur.
556 1311 755 1359 Erroris
780 1310 918 1376 origo
936 1310 991 1358 in
1020 1324 1267 1379 promptu
1300 1324 1385 1359 est.¹
1429 1311 1596 1355 Extra
1625 1313 1763 1361 enim
1781 1332 1898 1361 cum
1921 1326 2105 1361 temere
2134 1315 2336 1363 essetab

115 1391 364 1459 imperitis
395 1390 686 1449 dissectum,
721 1392 961 1453 vicinum]
985 1392 1316 1451 vocabulum,
1352 1391 1493 1459 quod
1509 1392 1663 1442 etiam.
1689 1394 1990 1463 compendio
2030 1395 2182 1444 scribi
2215 1397 2337 1445 sole-

115 1471 227 1529 bat,
263 1471 320 1519 in
348 1472 665 1539 corruptelae
691 1471 976 1520 societatem
1008 1472 1172 1520 traxit.

221 1655 267 1703 ²¹⁶)
327 1654 455 1704 Quod
483 1654 644 1694 dudum
683 1657 858 1708 monui,
919 1656 1076 1696 Donati
1107 1658 1431 1700 Commentariis
1470 1661 1630 1714 ubique
1677 1661 1886 1702 immixtas
1924 1677 2012 1705 esse
2051 1666 2336 1707 enarrationes

115 1722 323 1774 aliorum,
375 1724 420 1764 id
457 1724 616 1779 insigni
654 1729 849 1781 exemplo
885 1728 1062 1783 probare
1100 1735 1302 1782 possunt,
1355 1744 1462 1782 quae
1493 1730 1538 1768 in
1568 1730 1660 1789 ipso
1690 1732 1830 1785 operis
1859 1731 1982 1772 initio
2031 1733 2082 1772 de
2121 1736 2338 1775 comoedia

114 1794 354 1837 traduntur.
411 1796 526 1836 Haec
557 1797 672 1836 enim
702 1799 844 1837 omnia
873 1814 1007 1853 usque
1038 1800 1090 1838 ad
1118 1800 1244 1839 verba
1276 1799 1502 1840 Comoedia
1540 1809 1600 1840 est
1623 1800 1802 1854 ficbula,
1866 1816 1953 1841 non
1991 1804 2081 1844 eius
2121 1806 2337 1860 scriptoris

115 1870 238 1916 sunt,
280 1866 401 1905 cuius
430 1867 627 1907 feruntur
656 1868 701 1907 in
731 1869 881 1921 libris,
926 1871 999 1911 sed
1027 1870 1234 1909 Euanthii
1261 1870 1557 1921 Grammatici,
1611 1870 1686 1923 qui
1728 1871 1876 1910 eadem
1904 1874 2017 1924 fere,
2072 1890 2156 1928 qua
2193 1878 2338 1916 Dona-

114 1940 206 1985 tus,
237 1941 370 1975 aetate
402 1937 508 1976 vixit
538 1943 579 1977 et
605 1939 978 1994 Constantinopoli
1008 1941 1173 1994 litteras
1205 1940 1364 1980 docuit.
1420 1939 1560 1992 Atque
1595 1939 1677 1979 hoc
1706 1940 1762 1978 ita
1782 1955 1892 1992 esse,
1916 1949 1969 2004 *ut
2003 1944 2117 1995 dixi,
2147 1945 2338 1986 Linden-

112 2005 284 2059 brogius
318 2006 595 2060 probabiliter
640 2010 828 2049 ostendit
864 2025 916 2050 ex
954 2011 1109 2051 Rufino
1147 2009 1455 2060 Antiochensi,
1499 2009 1572 2062 qui
1595 2009 1635 2048 in
1664 2011 1759 2049 libr.
1803 2012 1854 2050 de
1886 2013 2029 2052 metris
2054 2014 2337 2066 Terentianis,

114 2076 322 2128 quaedam
346 2091 398 2116 ex
420 2077 486 2118 his
519 2079 620 2132 ipsis
655 2081 967 2135 prolegomenis
1000 2083 1159 2130 citans,
1200 2096 1349 2121 eorum
1377 2088 1591 2120 auctorem
1612 2081 1765 2120 diserte
1787 2081 2051 2123 Euanthium
2078 2087 2194 2126 facit.
2252 2090 2338 2129 1)οτ

114 2144 201 2183 nati
230 2151 344 2185 certe
385 2161 433 2186 ea
474 2162 559 2186 non
607 2163 721 2200 esse,
776 2150 842 2189 vel
874 2151 963 2190 sola
1000 2151 1186 2190 latinitas
1231 2150 1534 2203 scribendique
1584 2151 1692 2189 ratio
1737 2152 1889 2192 docere
1941 2161 2119 2208 poterat.
2189 2154 2332 2210 Vulgo

113 2213 310 2262 libellus,
341 2215 454 2254 unde
482 2217 673 2270 quinque
696 2219 811 2257 locos
835 2219 998 2272 priores
1023 2219 1094 2260 hic
1127 2221 1412 2261 emendandos
1440 2220 1580 2274 elegi,
1628 2221 1876 2263 inscribitur
1931 2226 1995 2263 De
2036 2226 2260 2265 Comoedia
2296 2236 2336 2266 et

119 2284 380 2335 Tragoedia.-
410 2300 510 2326 vera
533 2288 755 2342 inscriptio
779 2290 844 2328 De
868 2291 1031 2330 Fabula
1056 2297 1143 2342 est,
1173 2298 1220 2330 ut
1250 2307 1300 2332 ex
1325 2293 1477 2332 eodem
1504 2293 1658 2331 Rufino
1682 2309 1723 2347 p.
1752 2296 1857 2347 2705
1886 2302 2014 2349 patet.
2044 2298 2093 2339 A,
2116 2299 2161 2339 B.
2188 2298 2332 2339 Wolf-

114 2355 194 2393 ssus
218 2355 268 2395 de
299 2356 485 2397 Canticis
519 2374 559 2412 p.
590 2360 649 2399 16.
707 2361 756 2399 In
778 2360 896 2401 libris
920 2362 1132 2402 veteribus
1165 2363 1312 2401 nullus
1346 2362 1522 2402 omnino
1563 2363 1713 2402 titulus
1747 2372 1974 2419 comparet.
2046 2368 2152 2406 Cum
2193 2374 2336 2407 autem

112 2431 276 2466 veteres
304 2427 401 2466 dico
431 2429 664 2482 editiones,
722 2432 917 2486 intelligo
959 2439 1142 2486 quatuor
1174 2434 1460 2488 potissimum,
1501 2448 1682 2486 quarum
1715 2436 2071 2488 praestantissima
2093 2437 2251 2491 prodiit
2281 2452 2335 2477 ex

116 2496 288 2536 officina
326 2499 544 2540 Vindelini
596 2502 829 2555 Spirensis,
878 2519 1012 2555 anno,
1058 2512 1104 2544 ut
1136 2512 1309 2559 putant,
1350 2505 1716 2547 MCCCCLXXII.
1780 2507 1970 2546 Alteram
2020 2505 2111 2548 si‘ne
2153 2510 2254 2548 anni
2292 2516 2335 2549 et

113 2567 198 2607 loci
228 2575 348 2621 nota,
379 2585 505 2623 quam
534 2573 715 2613 Ebertus
751 2575 792 2613 in
829 2576 932 2619 Lex.
961 2576 1162 2629 Bibliogr.
1192 2578 1239 2618 T.
1270 2576 1302 2617 Ι.
1323 2590 1363 2629 p.
1386 2574 1508 2627 496,
1539 2580 1739 2627 tanquam
1776 2576 1965 2615 omnium
1997 2578 2331 2629 vetustissimam,

112 2639 250 2691 primo
281 2640 378 2679 loco
408 2643 563 2695 posuit,
582 2644 819 2684 ⁴Vindelini
847 2647 1034 2686 editione
1058 2647 1269 2686 iuniorem
1296 2661 1384 2686 esse
1416 2652 1458 2685 et
1485 2650 1616 2684 totam
1639 2661 1691 2686 ex
1714 2660 1760 2685 ea
1780 2646 1972 2698 fluxisse,
2006 2655 2095 2688 tum
2130 2650 2328 2703 probabO,

113 2722 212 2748 cum
257 2709 308 2749 de
339 2713 454 2750 omni
494 2728 651 2767 genere
693 2716 1000 2768 subsidiorum,
1038 2718 1192 2770 quibus
1218 2719 1261 2756 in
1294 2718 1461 2756 Donato
1493 2716 1760 2756 emendando
1791 2732 1889 2757 usus
1912 2733 2026 2769 sum,
2056 2720 2226 2773 proprie
2261 2734 2330 2760 ex·

110 2793 279 2833 ponam.
308 2782 511 2836 Reliquae
531 2785 661 2834 duae,
696 2801 799 2840 quas
819 2789 1040 2841 usurpavi,
1071 2790 1209 2828 editae
1239 2793 1337 2827 sunt
1368 2786 1546 2827 Tarvisii
1572 2801 1607 2826 a.
1629 2787 2043 2833 MCCCCLXXVII.
2075 2796 2116 2829 et
2136 2790 2330 2831 Venetiis

113 2849 225 2902 apud
262 2851 466 2893 Lazarum
519 2856 727 2897 Soardum
784 2873 821 2900 a.
857 2859 1226 2901 MCCCCXCVII.
1274 2871 1454 2910 quarum
1488 2863 1665 2911 utraque
1703 2856 1856 2899 fabulis
1902 2859 2093 2901 Terentii
2121 2862 2332 2902 Donatum

113 2919 311 2960 comitem
347 2923 475 2966 dedit.
