2515 3226
1200 113 1232 165 5

105 273 215 312 tum
261 258 326 308 ad
355 256 600 307 eiusmodi
638 257 808 307 omnia
858 255 1008 305 rudes
1043 269 1213 307 essent.
1283 263 1345 308 In
1377 278 1480 327 quo
1506 262 1731 329 primum
1764 264 1817 312 id
1839 265 2030 314 mirum
2055 279 2147 326 est,
2182 270 2323 335 quod

101 340 378 389 recentibus
403 338 559 397 illud,
596 357 699 405 quo
732 341 1074 407 corruptelam
1100 340 1195 388 sibi
1218 359 1409 391 sanasse
1435 344 1664 401 videtur,
1699 347 1849 412 plane
1883 347 2182 407 nonhabet,
2219 369 2321 417 quo

99 425 228 473 iuste
257 422 518 470 referatur.
588 421 716 467 Nam
743 419 808 468 ad
835 423 1084 470 Romanos
1113 421 1291 470 referri
1317 441 1479 490 posse,
1518 442 1635 472 cum
1668 428 1812 475 nulla
1844 446 2020 476 eorum
2057 428 2142 475 hic
2184 447 2322 479 men-

98 507 168 554 tio
212 506 323 563 fiat,
369 503 563 551 nemini
593 502 741 550 credo
772 505 1033 551 Muretum
1065 521 1425 571 persuasurum
1470 522 1578 553 esse.
1651 508 1794 569 Quin
1826 509 1979 556 etiam
2015 514 2215 566 cuncta,
2252 510 2322 558 sic

99 585 238 634 nude
261 585 512 653 positum,
548 584 609 632 de
631 585 867 633 omnibus
891 585 1104 633 omnino
1129 587 1301 645 rebus,
1338 605 1443 634 non
1478 587 1539 634 de
1568 589 1773 636 scenicis
1804 601 2026 647 tantum,
2080 591 2321 656 quemad-

94 666 307 715 modum
328 667 557 714 Muretus
597 667 760 714 voluit
782 705 792 724 ,
830 666 1047 732 intelligi
1078 667 1237 716 dehet.
1310 669 1481 732 Quare
1513 687 1630 718 cum
1658 671 1757 717 alia
1790 671 2042 719 laboranti
2062 672 2185 720 huic
2211 674 2320 721 loco

93 747 346 796 medicina
390 746 680 795 adhibenda
727 747 817 805 sit,
875 748 1082 795 afferam
1132 749 1262 816 ipse,
1315 750 1355 798 si
1399 749 1527 816 quid
1575 751 1759 799 certius
1797 769 2010 818 possum.
2090 754 2322 820 Suspicor

98 828 239 876 enim
273 828 369 893 legi
398 841 650 895 oportere:
689 827 1134 887 Latinaefczbulae
1153 830 1323 888 primo
1352 847 1384 874 a
1419 831 1570 876 Livio
1606 830 1901 876 Andronico
1942 833 2161 892 scriptae
2189 843 2318 893 sant,

93 909 217 953 adeo
266 916 444 953 cancta
482 925 536 953 re
565 909 713 953 etiam
738 917 841 953 tam
867 909 1080 967 recenti,
1146 916 1198 952 ut
1232 910 1359 954 idem
1392 919 1436 954 et
1471 919 1626 971 poeta
1657 920 1700 955 et
1721 920 1862 956 actor
1893 912 2181 971 fabularum
2211 930 2322 959 saa-

97 1005 208 1034 rum
231 989 432 1048 ficisset.
499 991 625 1037 Eam
650 989 1011 1047 mutationem,
1047 1007 1177 1056 quae
1204 992 1459 1060 scriptoris
1502 994 1661 1041 menti
1705 995 1856 1061 plane
1890 995 2185 1062 respondet,
2230 996 2323 1045 du-

90 1083 223 1120 ctam
250 1088 347 1119 esse
373 1088 432 1118 ex
456 1071 572 1138 ipsis
586 1073 763 1120 veteris
785 1072 1062 1139 scripturae
1084 1072 1310 1138 vestigiis,
1346 1074 1492 1121 facile
1519 1074 1772 1140 intelligit,
1808 1076 1899 1141 qui
1934 1077 2160 1143 aliquam
2184 1094 2240 1126 eo
2267 1078 2322 1127 in

91 1169 270 1218 genere
303 1152 713 1199 exercitationem
740 1151 904 1199 habet.
942 1153 1149 1218 Singula
1188 1156 1421 1221 persequi
1455 1174 1559 1204 non
1591 1157 1741 1217 libet,
1789 1169 1989 1205 tantum
2026 1159 2320 1218 admonebo,

90 1251 154 1282 ne
188 1233 316 1299 quid
356 1233 520 1281 vitiosi
571 1232 785 1280 residere
823 1234 1086 1292 existimes,
1122 1247 1430 1284 structuram
1455 1238 1595 1285 verbi
1620 1238 1833 1297 fuisset,
1872 1257 1965 1305 pro
1997 1248 2119 1283 esset
2147 1241 2320 1307 positi,

89 1334 195 1363 non
221 1316 514 1363 inusitatam
555 1333 651 1362 esse
692 1315 1020 1382 scriptoribus
1061 1316 1215 1366 huius
1255 1318 1454 1376 aetatis,
1507 1331 1567 1366 ut
1605 1319 1842 1386 exemplis
1876 1319 2021 1367 docet
2062 1321 2326 1374 Salmasius

89 1394 154 1443 ad
174 1396 383 1442 Tertull.
412 1394 473 1441 de
499 1395 658 1442 Pallio
680 1414 726 1462 p.
761 1413 863 1442 120.
899 1396 1071 1440 Etiam
1092 1404 1192 1440 tum
1214 1411 1385 1446 autem
1410 1412 1481 1447 est
1505 1408 1607 1444 tam
1634 1401 1817 1458 adhue,
1848 1415 1908 1450 ut
1929 1404 2078 1469 vulgo
2104 1405 2325 1470 loquun-

94 1490 192 1526 tur.
240 1479 439 1525 sueton.
476 1476 537 1523 de
564 1478 721 1524 Illust.
761 1478 847 1525 Gr.
884 1477 996 1525 init.
1041 1479 1385 1525 Grammatica
1429 1481 1621 1526 Romae
1658 1498 1719 1526 ne
1757 1484 1808 1528 in
1843 1499 1935 1527 usic
1978 1485 2198 1543 quidem,
2246 1502 2326 1530 ne-

93 1561 208 1605 dum
239 1560 291 1604 in
324 1560 511 1604 honore
545 1561 640 1603 ullo
668 1568 775 1603 erat
794 1594 806 1615 ,
861 1561 976 1604 radi
1008 1561 1195 1606 scilicet
1219 1579 1280 1607 ae
1316 1562 1545 1609 bellicosa
1573 1564 1720 1610 etiam
1747 1572 1849 1610 tum
1881 1566 2091 1612 civitate.
2160 1568 2238 1614 Fr.
2268 1568 2324 1614 A·

93 1642 314 1694 Wolfius
342 1641 407 1689 ad
431 1642 587 1690 Tacit.
623 1643 803 1693 Annali
841 1645 875 1691 I.
914 1647 955 1691 5.

226 1797 456 1842 Prota-sis
477 1798 675 1857 primus
705 1807 775 1844 est
799 1807 939 1844 actus
971 1799 1261 1860 initiumque
1285 1801 1561 1860 dramatis,
1608 1802 1813 1862 epitasis
1836 1802 2187 1849 incrementum
2210 1817 2327 1864 pro·
2356 1793 2359 1796 .

99 1890 355 1936 cassasque
380 1877 640 1922 turbarum
671 1895 732 1923 ac
755 1881 932 1935 totius,
977 1888 1028 1924 ut
1053 1881 1124 1924 ita
1149 1884 1385 1941 dixerim,
1437 1892 1596 1929 motus
1624 1885 1825 1932 erroris.
1893 1886 2029 1931 Haec
2069 1903 2187 1933 cum
2222 1884 2325 1952 pri-

99 1975 243 2005 mum
273 1958 510 2023 legerem,
547 1968 705 2003 motus
740 1962 927 2005 erroris
959 1961 1203 2010 mendum
1244 1965 1489 2031 putabam
1524 1983 1806 2032 operarum.
1871 1961 1966 2011 Sed
2012 1963 2146 2012 idem
2191 1965 2321 2013 miro

93 2053 337 2084 consensu
370 2037 492 2086 editi
531 2057 729 2097 omnes,
776 2041 872 2088 nisi
911 2041 1054 2106 quod
1092 2045 1411 2093 vetustissimi
1446 2048 1620 2091 modus
1658 2045 1844 2090 erroris
1888 2043 2093 2093 habent.
2160 2045 2325 2095 Unius
2367 2094 2370 2097 ,

103 2117 301 2166 litterae
324 2119 607 2168 mutatione
648 2137 815 2169 sensus
843 2123 1107 2185 veritatem
1131 2124 1364 2184 restituo,
1400 2126 1664 2175 scribendo
1700 2126 1859 2171 nodas
1881 2125 2082 2174 erroris·

187 2268 451 2336 Per-eonati
474 2271 630 2330 primi
657 2273 812 2331 egisse
838 2274 1070 2318 dieantur
1096 2277 1400 2322 comoediam
1432 2278 1631 2323 Cincius
1654 2286 1699 2322 et
1719 2276 1971 2333 Faliscus,
2008 2274 2320 2335 tragoediam

91 2348 339 2396 Minatius
365 2360 410 2395 et
432 2354 741 2400 Prothonius.
775 2354 826 2418 ἦἓ)
850 2356 1215 2424 Lindenbrogii
1251 2377 1336 2407 ms.
1374 2378 1479 2409 non
1507 2359 1806 2406 Protlzonias
1853 2359 2025 2416 habet,
2061 2356 2146 2405 sed
2183 2357 2321 2401 Pro-

202 2521 247 2568 *J
303 2521 384 2561 Hic
415 2528 457 2561 et
486 2525 560 2577 qui
590 2532 830 2578 sequuntur
859 2527 944 2566 loci
976 2528 1155 2567 desumti
1184 2537 1284 2569 sunt
1312 2547 1365 2571 ex
1395 2531 1745 2571 commentariolo
1773 2530 1931 2570 Donati
1974 2528 2025 2568 de
2069 2525 2312 2575 Comoedia,

90 2588 211 2629 culus
248 2590 419 2630 initium
446 2592 488 2632 in
518 2595 638 2634 libris
667 2597 879 2635 veteribus
921 2603 1033 2636 arcte
1074 2614 1170 2638 cum
1200 2607 1389 2641 extremo
1428 2601 1642 2640 Euanthio
1672 2601 1894 2650 cohaeret,
1937 2598 2058 2637 nullo
2089 2595 2313 2635 interiecto

88 2660 226 2699 titulo.
285 2662 382 2704 Mss.
413 2663 719 2718 Lindenbrogii
750 2667 940 2707 indicem
982 2674 1145 2709 tantum
1174 2672 1238 2709 D'e
1276 2671 1502 2710 Comoedia
1530 2671 1711 2722 habent,
1761 2671 1979 2724 scriptoris
2025 2682 2180 2707 nomen
2226 2679 2312 2704 non

86 2730 261 2769 addunt.
332 2732 479 2785 Neque
525 2741 663 2774 tamen
709 2737 991 2779 dubitandum
1044 2742 1239 2790 videtur,
1292 2741 1396 2793 quin
1445 2747 1559 2780 recte
1599 2742 1765 2781 Donato
1808 2742 1966 2780 librum
1996 2735 2312 2778 vindicaverim.

85 2801 212 2850 Nam,
259 2815 312 2841 ne
356 2803 522 2853 dicam,
560 2805 602 2843 in
646 2807 845 2847 dictionis
886 2824 1037 2863 genere
1078 2812 1148 2849 vix
1192 2810 1425 2864 quidquam
1455 2811 1670 2862 inveniri,
1715 2812 1830 2865 quod
1860 2812 1909 2850 ab
1935 2809 2062 2848 huius
2092 2805 2309 2860 scriptoris

88 2865 297 2922 elegantia
327 2871 528 2913 dissidere
559 2874 771 2915 videatur:
802 2877 890 2930 ipse
923 2879 1048 2918 etiam
1068 2881 1257 2919 Donatus
1288 2879 1330 2917 in
1363 2881 1501 2919 Praef.
1531 2880 1714 2934 Adelph.
1744 2886 1923 2920 testatur
1942 2893 1984 2918 se
2005 2874 2308 2917 commentarIo

88 2939 297 2979 nonnulla
325 2942 377 2982 de
416 2943 634 2984 comoedia
661 2947 966 3000 praeposuisse.
1024 2949 1213 2989 Procasis
1250 2957 1310 2987 est
1356 2949 1618 2996 turbulenta,
1668 2948 1829 3002 inquit,
1878 2947 2047 3002 epitasis
2092 2945 2306 2988 clamosa,
