2515 3226
1230 111 1263 161 6

138 266 340 322 mimae,
379 279 589 328 eamque
620 260 888 308 lectionem
930 259 1100 306 firmat
1131 255 1485 325 Adelphorum
1535 257 1842 307 Didascalia:
1889 258 2054 319 Egere
2086 260 2149 306 L.
2178 259 2375 319 Atilius

136 344 509 399 Praenestinus,
558 340 805 385 Minatius
842 337 1139 382 ProtlzimuS.
1207 336 1477 404 Inscriptio
1501 350 1642 386 vetus
1667 339 1877 387 Gruteri
1898 359 1945 407 p.
1969 339 2367 396 DCCCCXXXI.

133 425 456 472 Prothumum
488 423 665 481 habet,
711 434 761 470 et
785 420 913 488 lapis
943 418 1084 487 apud
1110 419 1355 467 Murator.
1391 437 1439 486 p.
1474 420 1869 469 MDCCXXXII.
1903 421 2237 481 Protlzymum.
2268 424 2368 473 No-

134 523 255 555 men
298 504 558 549 Prothonii
592 521 846 569 nusquam
885 501 1071 549 inveni.
1149 498 1434 544 promimus
1462 513 1633 549 autem
1660 503 1763 560 vel,
1814 501 1955 568 quod
1980 502 2224 552 libentius
2247 503 2366 553 scri·

134 587 329 645 berem,
365 586 662 643 Protlzymus
695 601 898 652 graecae
928 582 1136 649 originis
1172 594 1269 640 est,
1307 583 1481 649 qualia
1504 584 1784 651 saepissime
1809 585 2061 633 libertinis
2095 585 2364 654 utriusque

135 686 274 717 sexus
304 667 443 736 apud
480 670 727 715 Romanos
760 665 1060 732 cognomina
1090 678 1249 713 erant.
1319 667 1516 714 Manut.
1546 667 1647 714 Cic.
1686 667 1842 734 Epist.
1882 667 1946 715 ad
1970 669 2105 715 Fam.
2139 669 2251 718 VII.
2287 674 2365 732 24.

135 763 184 798 et
216 749 469 797 Bentleius
520 747 584 795 ad
629 749 801 794 Horat.
840 748 989 794 Serm.
1032 749 1067 792 I.
1101 749 1141 792 ὅ.
1174 752 1248 807 40.
1318 747 1459 795 Idem
1511 767 1698 796 nomen
1724 766 1783 796 ex
1805 749 1951 797 libris
1997 750 2119 798 meis
2159 751 2366 800 vetustis

135 831 343 879 restituo
367 830 569 878 Donato
596 829 651 876 111
674 828 889 876 Praefat.
917 827 1184 885 Eunuchi,
1221 829 1311 876 ubi
1338 830 1491 878 hodie
1517 832 1802 877 Postlzumio
1839 832 2041 898 legitur.
2108 833 2203 882 Sed
2223 832 2364 899 quod

132 925 303 963 nostro
337 913 447 961 loco
479 912 725 957 Mirzutius
753 924 803 959 et
827 911 996 955 Protlz.
1034 929 1139 959 nou
1169 913 1324 959 unius
1348 911 1592 971 hominis,
1628 925 1688 960 ut
1710 912 1764 960 111
1781 912 2088 971 Didascalia,
2123 913 2209 962 sed
2236 913 2361 963 duo-⁴

132 1015 250 1044 rum
276 1007 396 1043 sunt
423 994 650 1051 nomina,
687 993 983 1060 pariterque
1024 993 1242 1052 Cinciae,
1306 994 1447 1060 quod
1488 995 1642 1061 magis
1678 995 1830 1043 etiam
1878 996 2086 1055 mirere,
2141 995 2364 1046 diversus

131 1096 159 1125 a
200 1077 400 1122 Falisco
433 1076 675 1143 ponitur,
713 1092 831 1122 eum
853 1087 902 1121 01
926 1074 1096 1141 ipsum
1128 1075 1461 1124 librariorum
1493 1076 1663 1143 potius
1693 1093 1936 1134 errorem,
1983 1095 2139 1143 quam
2172 1076 2363 1142 eruditi¹

130 1159 463 1207 Grammatici
494 1159 730 1208 Wolffius
769 1156 1070 1220 deqCauticis
1097 1176 1148 1224 p.
1182 1160 1256 1204 23.
1295 1156 1456 1205 credit
1480 1157 1714 1223 mihique
1736 1157 1889 1226 plane
1916 1158 2187 1225 persuasit,
2223 1170 2366 1208 utro-.-

130 1240 286 1307 bique
320 1239 626 1308 particulam
654 1246 699 1283 et
730 1237 844 1284 eiici
873 1250 1118 1306 oportere.
2367 1243 2378 1251 “

267 1393 495 1437 Omnium
530 1399 696 1437 autem
744 1390 1114 1436 comoediarum
1147 1391 1340 1452 scripta
1374 1407 1434 1436 ex
1469 1399 1682 1452 quatuor
1725 1391 1871 1438 rebus
1918 1393 2117 1439 omnino
2161 1409 2362 1441 sumun-

127 1481 230 1533 tur,
284 1474 505 1534 nomine,
540 1474 675 1532 loco,
701 1474 849 1534 facto
873 1508 885 1531 ,
925 1482 1130 1531 eventu5
1164 1476 1393 1533 nomine,
1430 1483 1484 1519 ut
1516 1475 1783 1534 Phormio,
1822 1476 2059 1536 Hecyra,
2103 1477 2352 1538 CurculiO,

128 1556 411 1617 Epidicus;
445 1557 581 1614 loco,
618 1563 670 1600 ut
704 1554 938 1614 Andria,
977 1555 1275 1616 Leucadia,
1325 1558 1692 1616 Brundusina5
1726 1559 1903 1619 factO,
1948 1568 2002 1604 ut
2048 1559 2352 1621 Eunuchus,

126 1636 375 1684 Asinaria
397 1672 410 1695 ,
455 1637 653 1697 Captivi
670 1655 689 1694 ;
724 1645 924 1695 eventu,
969 1637 1352 1684 Commorientes
1374 1673 1386 1695 ,
1424 1639 1646 1699 Adelphi
1666 1673 1679 1696 ,
1745 1639 2352 1687 Heautontimorumenos.

127 1719 217 1766 His
240 1718 413 1786 paucis
441 1718 497 1766 in
518 1718 705 1775 verbis,
751 1718 835 1765 vix
860 1717 1102 1765 credibile
1124 1732 1206 1776 est,
1243 1738 1400 1786 quam
1437 1722 1599 1768 multa
1636 1720 1920 1768 scribarum
1958 1737 2128 1768 errore
2175 1720 2356 1789 depra-

126 1812 238 1848 vate
296 1801 545 1866 legantur.
643 1799 876 1847 Primum
920 1798 1053 1846 illud
1103 1801 1471 1844 comoediarum
1523 1801 1739 1860 scripta,
1820 1798 1949 1865 quid
2011 1817 2194 1865 quaeso
2255 1802 2357 1849 est?

126 1883 316 1948 Nempe
347 1881 603 1929 truncavit
625 1880 872 1948 posterius
900 1880 999 1929 hoc
1027 1881 1310 1930 similitudo
1332 1883 1530 1931 litterae
1553 1881 1908 1949 praecedentis.
1948 1884 2074 1948 Lege
2093 1883 2352 1945 inscripta,

128 1963 267 2030 quod
284 1990 291 1997 2
317 1962 541 2012 cadentis
574 1979 690 2010 sane
725 1962 991 2010 latinitatis
1033 1963 1340 2010 vocabulum
1375 1963 1631 2030 reperitur
1671 1963 1824 2010 etiam
1869 1961 2008 2029 apud
2045 1962 2273 2011 Gellium
2300 1963 2356 2012 in

127 2046 342 2093 Praefat-
377 2047 434 2093 N.
470 2047 524 2092 A.
594 2044 690 2093 Sed
718 2044 936 2110 graviori
978 2044 1231 2093 medicina
1273 2056 1441 2109 egent,
1479 2043 1617 2108 'quae
1664 2054 1975 2107 sequuntur:
2023 2043 2244 2102 nomine,
2301 2051 2357 2088 ut

130 2128 391 2185 Phormio,
429 2127 659 2185 Hecyra,
704 2126 964 2184 Curculio,
1003 2127 1266 2188 Epidicus,
1336 2122 1552 2171 Inscribi
1586 2122 1658 2170 ait
1697 2121 1940 2187 quasdam
1973 2122 2169 2169 fabulas
2202 2141 2230 2170 a
2265 2141 2354 2170 no-

130 2210 287 2268 mine,
323 2227 500 2257 eorum
525 2209 736 2267 scilicet,
771 2209 862 2274 qui
897 2209 1196 2277 praecipuas
1232 2207 1288 2254 in
1320 2206 1379 2253 iis
1406 2218 1572 2273 partes
1604 2217 1793 2252 tenent.
1837 2204 1993 2251 Cuius
2031 2205 2103 2251 rei
2126 2204 2353 2271 exempla

130 2305 189 2339 ut
216 2304 348 2339 recte
372 2304 422 2339 et
455 2291 694 2339 Phormio
716 2303 765 2338 01
803 2290 1044 2338 Curculio
1079 2302 1129 2337 et
1153 2287 1395 2356 Epidicus
1431 2299 1725 2354 ponuntur:
1784 2284 1853 2332 ita
1885 2287 2110 2352 Hecyrae
2150 2303 2350 2344 nomen,

129 2372 269 2438 quod
301 2370 773 2438 additumssegitur,
826 2390 931 2419 11011
958 2371 1159 2429 dubito,
1197 2370 1328 2436 quin
1369 2381 1552 2416 temere
1576 2367 1649 2427 *ab
1697 2366 1869 2432 aliquo
1912 2366 2148 2433 imperito
2188 2367 2353 2414 incul-

130 2467 300 2502 catum
331 2455 404 2502 sit.
473 2457 583 2521 Ipse
619 2454 757 2502 enim
789 2454 853 2501 ad
882 2455 999 2501 Hec.
1030 2453 1203 2510 docet,
1240 2449 1380 2516 quod
1417 2450 1494 2496 vel
1546 2465 1734 2496 nomen
1785 2446 2030 2506 declarat,
2078 2447 2211 2495 hanc
2236 2447 2349 2495 ideo

128 2537 314 2594 vocari,
352 2536 473 2602 quia
506 2553 598 2603 per
645 2553 813 2584 socrus
851 2548 901 2583 et
942 2553 1132 2583 soceros
1164 2534 1220 2580 111
1254 2549 1309 2580 ea
1339 2531 1501 2579 multa
1538 2542 1766 2595 agantur.
1844 2529 2019 2593 Neque
2051 2529 2156 2577 leve
2195 2528 2350 2576 huius

124 2726 384 2779 catastrophe
415 2726 537 2769 leni-53
569 2738 745 2777 quarum
774 2726 978 2763 rationem
1021 2722 1261 2775 diligentius
1297 2721 1341 2758 in
1379 2719 1591 2772 principio
1622 2716 1939 2770 proposuimus,
1991 2729 2081 2754 cum
2111 2714 2163 2752 de
2189 2728 2347 2754 comoe-

127 2798 199 2834 dia
221 2796 423 2849 quaedam
459 2795 701 2833 clz'ccre111u.s·.
758 2796 900 2847 Atque
932 2795 1036 2833 haec
1067 2793 1239 2839 eadem,
1280 2789 1396 2842 qnod
1426 2787 1721 2841 percommode
1753 2787 1933 2835 cecidit,
1967 2785 2198 2825 etiamnum
2229 2785 2348 2823 libel-

126 2869 190 2906 lus
221 2868 433 2915 continet,
464 2874 599 2905 cetera
628 2866 732 2903 adeo
763 2865 933 2904 mutilus
961 2870 1007 2903 et
1036 2864 1286 2912 lacunosus,
1327 2866 1399 2911 ut,
1431 2873 1538 2912 qnae
1569 2857 1697 2898 hodie
1729 2857 1820 2897 eius
1857 2863 2102 2910 supersunt,
2133 2857 2346 2910 fragmeu'-

124 2944 261 2976 torum
290 2936 461 2975 nominc
486 2935 753 2976 inscribenda
783 2935 1016 2976 videantur.
