2515 3226
1251 124 1286 176 8

136 277 374 325 Nonnulli
407 276 613 322 Ithacae
648 273 866 330 incolas,
904 272 1032 318 sicut
1047 264 1259 329 Locros,
1294 269 1534 333 palliatos
1554 267 1720 330 faisse
1742 281 2141 324 commemorant.
2173 268 2358 321 'Ac-Ml-

135 363 196 408 Zc's
253 369 298 406 et
347 357 653 419 Neoptolemi
699 371 946 417 personae
1007 355 1295 400 diademata
1347 351 1554 408 habent,
1628 353 1851 411 quamvis
1909 354 2103 414 regalia
2158 362 2358 416 sceptra

134 457 384 502 nunquam
417 439 674 484 tenuerint.
741 437 918 484 Deesse
953 435 1205 483 nonnulla
1251 446 1362 501 post
1406 432 1671 491 verbena-e,
1721 434 2049 501 perspicuum
2097 436 2183 486 'est⁹
2267 435 2362 486 Sed

135 525 326 591 egregie
359 523 531 579 fallor,
579 532 669 568 aut
703 518 911 567 omnino
947 534 1025 575 ea,
1061 533 1191 582 quae
1238 515 1299 562 de
1340 515 1528 580 tragico
1575 526 1866 563 narrantur
1895 515 2105 576 habitu,
2152 515 2362 568 aliunde

131 605 235 653 huc
269 605 526 669 irrepsere.
592 602 693 648 Nee
730 612 898 647 tamen
932 598 1254 665 probaverim
1289 599 1398 647 Oct.
1420 597 1715 644 Ferrarium
1749 597 1810 644 de
1845 599 1914 644 Re
1959 599 2091 647 Vest.
2137 601 2200 646 II.
2234 605 2281 662 [μ
2319 613 2362 648 1.

129 686 220 752 qui
266 702 389 750 quas
429 683 526 732 sibi
572 681 786 748 ineptias
834 680 1015 728 merito
1052 679 1137 726 hic
1189 676 1573 744 deprehendisse
1606 677 1829 735 videtur,
1875 677 2252 744 interpolatoris
2285 680 2364 729 in-
2410 735 2414 738 ,

130 767 322 815 dicium
355 765 521 812 habet.
591 763 833 828 Quisquis
867 761 1004 809 enim
1036 761 1160 808 haee
1192 760 1401 826 scripsit,
1438 759 1663 826 profecto
1698 778 1803 807 non
1824 760 2052 819 pallium,
2091 759 2189 819 sed,
2224 760 2366 828 quod

128 866 187 897 ex
220 848 344 914 ipsa,
382 864 540 911 quam
575 844 795 900 addidit,
834 843 907 891 rei
942 841 1278 909 explicatione
1314 852 1475 907 patet,
1509 841 1695 900 pileum
1740 841 1901 907 Ulyssi
1948 841 2157 908 eiusque
2202 860 2365 910 popu-

127 931 319 979 laribus
354 928 552 977 tribuit.
622 928 846 993 Ulyssem
882 937 1014 973 certe
1052 937 1254 972 tantum
1280 940 1387 970 non
1421 938 1616 988 semper
1645 922 2094 982 pileatum'fuisse‚
2149 940 2208 971 ex
2243 923 2366 971 ima-

126 1010 329 1078 ginibus
378 1008 810 1074 scriptoribusque
869 1017 987 1053 nota
1035 1020 1110 1051 res
1150 1016 1233 1051 est.
1317 1005 1353 1050 I.
1389 1003 1641 1050 Meursius
1684 1003 1824 1052 Misc.
1875 1005 1990 1052 Lae.
2025 1007 2086 1051 II.
2129 1023 2202 1070 17.
2238 1007 2369 1074 Ray-

126 1091 280 1142 naud.
326 1090 386 1138 de
421 1091 558 1137 Pileo
602 1091 738 1137 VIII.
777 1107 824 1155 p.
869 1090 1004 1135 1265.
1051 1086 1191 1133 Thes.
1231 1085 1406 1133 Graev.
1452 1085 1869 1134 VVinokelmann.-
1903 1085 2028 1135 Hist.
2065 1088 2170 1136 Art.
2206 1089 2270 1136 X.-
2327 1107 2367 1137 1.

123 1175 167 1234 §-
210 1175 283 1220 26.
323 1170 521 1219 Addam
557 1169 805 1235 insignem
838 1167 1086 1216 Varronis
1120 1167 1293 1213 locum
1327 1182 1386 1212 ex
1419 1165 1584 1213 Nonio
1619 1184 1668 1232 p.
1707 1169 1847 1227 544„
1884 1184 1912 1214 a
1947 1184 2039 1226 me,
2075 1179 2135 1216 ut
2168 1168 2369 1236 opinor,-

126 1254 406 1321 integritati
443 1252 746 1300 restitutum.
828 1250 1108 1311 Diogenem
1135 1254 1315 1308 postea
1355 1247 1569 1306 pallium
1612 1247 1770 1291 solam
1815 1246 2047 1292 habuisse
2089 1256 2136 1294 et
2184 1235 2406 1301 haberes

136 1336 354 1394 Ulyssem
388 1348 572 1378 meram
624 1332 873 1388 tunicam,
908 1331 1094 1389 pileum
1120 1330 1229 1372 ideo
1259 1326 1457 1372 habere.
1524 1328 1873 1393 Negationem,
1908 1346 2039 1395 quae
2072 1330 2222 1397 vulgo
2256 1343 2369 1399 post

125 1419 233 1464 ideo
270 1416 498 1484 ponitur,
524 1415 676 1475 eieci3
713 1413 868 1479 idque
904 1413 975 1470 iis,
1013 1412 1103 1478 qui
1141 1423 1307 1460 totum
1341 1411 1510 1460 locum
1547 1422 1737 1460 attente
1781 1411 2174 1479 perpenderint,
2218 1413 2368 1462 facile

123 1500 398 1568 probatum
432 1497 496 1544 iri
531 1507 673 1563 puto.
741 1496 870 1543 Nam
906 1493 1018 1542 ideo
1056 1494 1249 1560 Ulysses
1284 1490 1345 1538 de
1379 1491 1626 1538 Varronis
1670 1491 1919 1540 sententia
1966 1492 2163 1559 pileum
2195 1492 2362 1554 habet,

125 1581 247 1647 quia
290 1596 428 1626 mera
471 1577 685 1626 indutus
731 1588 801 1625 est
838 1575 1037 1635 tunica,
1104 1592 1212 1624 non
1254 1572 1435 1641 pallio,
1502 1590 1605 1639 quo
1657 1573 1825 1643 ipsum
1874 1586 2029 1644 caput
2082 1575 2363 1643 Diogenem

124 1661 363 1714 obtexisse
395 1670 599 1714 constat.
